% This file was created with JabRef 2.6.
% Encoding: Cp1252

@MANUAL{ff11,
  title = {ff: memory-efficient storage of large data on disk and fast access
	functions},
  author = {Daniel Adler and Christian Glaeser and Oleg Nenadic and Jens Oehlschlaegel
	and Walter Zucchini},
  year = {2011},
  note = {R package version 2.2-3},
  url = {http://CRAN.R-project.org/package=ff}
}

@ARTICLE{brewer03,
  author = {C. A. Brewer and G. W. Hatchard and M. A. Harrower},
  title = {ColorBrewer in print: A catalog of color schemes for maps},
  journal = {Cartography and Geographic Information Science},
  year = {2003},
  volume = {30},
  pages = {5--32},
  number = {1},
  owner = {mtes},
  timestamp = {2011.11.14}
}

@ARTICLE{daas11,
  author = {P.J.H. Daas and S.J.L. Ossen},
  title = {Metadata Quality Evaluation of Secondary Data Sources},
  journal = {International Journal of Quality Research},
  year = {2011},
  volume = {5(2)},
  pages = {57--66},
  owner = {mtes},
  timestamp = {2011.11.11}
}

@ARTICLE{fox11,
  author = {P. Fox and J. Hendler},
  title = {Changing the equation on scientific data visualization},
  journal = {Science},
  year = {2011},
  volume = {331},
  pages = {705--708},
  owner = {mtes},
  timestamp = {2011.11.11}
}

@MISC{gribov10,
  author = {A. Gribov and A. Urwin},
  title = {Gauguin},
  howpublished = {Computer software},
  year = {2010},
  note = {accessed November 2010},
  owner = {mtes},
  timestamp = {2011.11.28}
}

@PROCEEDINGS{hart81,
  title = {Mosaics for contingency tables.},
  year = {1981},
  editor = {Springer-Verlag},
  author = {Hartigan, J. A. and Kleiner, B.},
  description = {Computer Science and Statistics: Proceedings of the 13th Symposium
	on the Interface, Held March 12 and 13, 1981 at Carnegie-Mellon University,
	Pittsburgh, Pennsylvania (Paperback) EDDY W. F.: Librairie Lavoisier},
  journal = {Computer Science and Statistics: Proceedings of the 13th Symposium
	on the Interface},
  pages = {268–273}
}

@MANUAL{Hofmann05,
  title = {Interactive graphics for visualizing conditional distributions},
  author = {Hofmann, H. and Theus, M},
  year = {2005},
  note = {Unpublished Manuscript}
}

@INPROCEEDINGS{malik10,
  author = {W.A. Malik and A. Unwin and A. Gribov},
  title = {An Interactive Graphical System for Visualizing Data Quality - Tableplot
	Graphics},
  booktitle = {Classification as a Tool for Research, Proceedings of the 11th IFCS
	Conference},
  year = {2010},
  editor = {H. Loracek-Junge and C. Weihs},
  pages = {331--339},
  publisher = {Berlin: Springer},
  owner = {mtes},
  timestamp = {2011.11.11}
}

@ELECTRONIC{okabe02,
  author = {M. Okabe and K. Ito},
  year = {2002 (modified 2008)},
  title = {Color Universal Design (CUD) - How to make figures and presentations
	that are friendly to Colorblind people -},
  organization = {Jikei Medial School, University of Tokyo, and Institute for Molecular
	and Cellular Biosciences (Japan)},
  url = {http://jfly.iam.u-tokyo.ac.jp/color/},
  owner = {mtes},
  timestamp = {2011.11.14}
}

@INPROCEEDINGS{ossen11,
  author = {S. Ossen and P.J.H. Daas and M.Tennekes},
  title = {Overall Assessment of the Quality of Administrative Data},
  booktitle = {Proceedings of the 58th conference of the International Statistical
	Institute (ISI), Dublin},
  year = {2011},
  owner = {mtes},
  timestamp = {2011.11.14}
}

@MANUAL{R11,
  title = {R: A Language and Environment for Statistical Computing},
  author = {{R Development Core Team}},
  organization = {R Foundation for Statistical Computing},
  address = {Vienna, Austria},
  year = {2011},
  note = {{ISBN} 3-900051-07-0},
  url = {http://www.R-project.org/}
}

@INPROCEEDINGS{Rao94,
  author = {Rao, Ramana and Card, Stuart K.},
  title = {The table lens: merging graphical and symbolic representations in
	an interactive focus + context visualization for tabular information},
  booktitle = {Proceedings of the SIGCHI conference on Human factors in computing
	systems: celebrating interdependence},
  year = {1994},
  series = {CHI '94},
  pages = {318--322},
  address = {New York, NY, USA},
  publisher = {ACM},
  acmid = {191776},
  doi = {http://doi.acm.org/10.1145/191666.191776},
  isbn = {0-89791-650-6},
  keywords = {exploratory data analysis, fisheye technique, focus+context technique,
	graphical representations, information visualization, relational
	tables, spreadsheets, tables},
  location = {Boston, Massachusetts, United States},
  numpages = {5},
  url = {http://doi.acm.org/10.1145/191666.191776}
}

@MANUAL{tabplot,
  title = {tabplot: Tableplot, a visualization of large datasets},
  author = {Martijn Tennekes and Edwin de Jonge},
  year = {2011},
  note = {R package version 0.11},
  url = {http://CRAN.R-project.org/package=tabplot}
}

@MANUAL{tabplotGTK,
  title = {tabplotGTK: A graphical user interface for the tabplot package},
  author = {Martijn Tennekes and Edwin de Jonge},
  year = {2011},
  note = {R package version 0.5},
  url = {http://CRAN.R-project.org/package=tabplotGTK}
}

@INBOOK{theus10,
  chapter = {2. Statistical Graphics},
  pages = {31--54},
  title = {Graphics of Large Datasets: Visualizing a Million},
  publisher = {Springer, New York},
  year = {2010},
  editor = {A. Unwin and M. Theus and H. Hoffman},
  author = {M. Theus},
  owner = {mtes},
  timestamp = {2011.11.14}
}

