% This file was created with JabRef 2.9.2.
% Encoding: Cp1252

@ARTICLE{Bederson2002,
  author = {Benjamin B. Bederson and Ben Shneiderman and Martin Wattenberg},
  title = {Ordered and quantum treemaps: Making effective use of 2{D} space to
	display hierarchies},
  journal = {ACM Trans. Graph.},
  year = {2002},
  volume = {21},
  pages = {833--854},
  number = {4},
  address = {New York, NY, USA},
  publisher = {ACM Press}
}


@article{birch12,
  author    = {Birch, J.},
  title     = {Worldwide prevalence of red-green color deficiency},
  journal   = {J Opt Soc Am A Opt Image Sci Vis.},
  volume    = {29},
  number    = {3},
  year      = {2012},
  pages     = {313--320}
}

@article{burch11,
  author = {Burch, Michael and Konevtsova, Natalia and Heinrich, Julian and HÃ¶ferlin, Markus and Weiskopf, Daniel},
  journal = {IEEE Trans. Vis. Comput. Graph.},
  number = 12,
  pages = {2440-2448},
  title = {Evaluation of Traditional, Orthogonal, and Radial Tree Diagrams by an Eye Tracking Study.},
  volume = 17,
  year = 2011
}

@ARTICLE{brewer03,
  author = {C. A. Brewer and G. W. Hatchard and M. A. Harrower},
  title = {{Color{B}rewer} in print: A catalog of color schemes for maps},
  journal = {Cartography and Geographic Information Science},
  year = {2003},
  volume = {30},
  pages = {5--32},
  number = {1},
  owner = {mtes},
  timestamp = {2011.11.14}
}

@INPROCEEDINGS{bruls99,
    author = {Mark Bruls and Kees Huizing and Jarke van Wijk},
    title = {Squarified Treemaps},
    booktitle = {In Proceedings of the Joint Eurographics and IEEE TCVG Symposium on Visualization},
    year = {1999},
    pages = {33--42},
    publisher = {Press}
}

@MANUAL{chrometric,
  title = {Chrometric},
  author = {Marc Englund},
  year = {2010},
  note = {Version 0.93}
}

@article{Fruchterman91,
  author = {Fruchterman, Thomas M. J. and Reingold, Edward M.},
  journal = {Softw., Pract. Exper.},
  number = 11,
  pages = {1129-1164},
  title = {Graph Drawing by Force-directed Placement.},
  volume = 21,
  year = 1991
}

@Book{ggplot2,
    author = {Hadley Wickham},
    title = {ggplot2: elegant graphics for data analysis},
    publisher = {Springer New York},
    year = {2009},
    isbn = {978-0-387-98140-6},
    url = {http://had.co.nz/ggplot2/book},
  }

@article{Kamada89,
 author = {Kamada, T. and Kawai, S.},
 title = {An Algorithm for Drawing General Undirected Graphs},
 journal = {Inf. Process. Lett.},
 issue_date = {April 1989},
 volume = {31},
 number = {1},
 month = apr,
 year = {1989},
 issn = {0020-0190},
 pages = {7--15},
 numpages = {9},
 publisher = {Elsevier North-Holland, Inc.},
 address = {Amsterdam, The Netherlands, The Netherlands},
} 


@article{Mackinlay1986,
 author = {Mackinlay, Jock},
 title = {Automating the Design of Graphical Presentations of Relational Information},
 journal = {ACM Trans. Graph.},
 issue_date = {April 1986},
 volume = {5},
 number = {2},
 month = apr,
 year = {1986},
 issn = {0730-0301},
 pages = {110--141},
 numpages = {32},
 url = {http://doi.acm.org/10.1145/22949.22950},
 doi = {10.1145/22949.22950},
 acmid = {22950},
 publisher = {ACM},
 address = {New York, NY, USA},
} 

@ELECTRONIC{nace,
  author = {Eurostat},
  year = {2008},
  title = {{NACE} Rev. 2 - Statistical classification of economic activities},
  howpublished  = {Online publication, \url{http://epp.eurostat.ec.europa.eu/portal/page/portal/nace_rev2/introduction}},
  owner = {MTES},
  timestamp = {2013.06.24}
}


@ELECTRONIC{cbsSBS,
  author = {\relax Statistics Netherlands},
  year = {2014},
  title = {Statline: Trade and industry},
  howpublished  = {Online publication, \url{http://statline.cbs.nl}},
}




@Article{igraph,
    title = {The igraph software package for complex network research},
    author = {Gabor Csardi and Tamas Nepusz},
    journal = {InterJournal},
    volume = {Complex Systems},
    pages = {1695},
    year = {2006},
    url = {http://igraph.org},
}
  
@INPROCEEDINGS{ihaka2003,
  author = {Ross Ihaka},
  title = {Colour for Presentation Graphics},
  booktitle = {Proceedings of the 3rd International Workshop on Distributed Statistical
	Computing, Vienna Austria},
  year = {2003},
  owner = {MTES},
  timestamp = {2013.05.14},
  url = {http://www.ci.tuwien.ac.at/Conferences/DSC-2003/Proceedings/}
}

@BOOK{ishihara,
	author = {S. Ishihara},
	title = {Tests for colour-blindness},
	publisher = {Handaya, Tokyo, Hongo Harukicho},
	year = 1917}
}


@ARTICLE{lam2012,
  author = {Ho-Ching Lam and Ivo D. Dinov},
  title = {Hyperbolic {W}heel: A Novel Hyperbolic Space Graph Viewer for Hierarchical
	Information Content},
  journal = {ISRN Computer Graphics},
  year = {2012},
  volume = {vol. 2012},
  pages = {Article ID 609234, 10 pages},
  owner = {MTES},
  timestamp = {2014.02.07}
}

@INPROCEEDINGS{malik10,
  author = {W.A. Malik and A. Unwin and A. Gribov},
  title = {An Interactive Graphical System for Visualizing Data Quality - Tableplot
	Graphics},
  booktitle = {Classification as a Tool for Research, Proceedings of the 11th IFCS
	Conference},
  year = {2010},
  editor = {H. Loracek-Junge and C. Weihs},
  pages = {331--339},
  publisher = {Berlin: Springer},
  owner = {mtes},
  timestamp = {2011.11.11}
}


@ELECTRONIC{okabe02,
  author = {M. Okabe and K. Ito},
  year = {2002 (modified 2008)},
  title = {Color {U}niversal {D}esign ({CUD}) - How to make figures and presentations
	that are friendly to Colorblind people -},
  organization = {Jikei Medial School, University of Tokyo, and Institute for Molecular
	and Cellular Biosciences (Japan)},
  howpublished  = {Online publication, \url{http://jfly.iam.u-tokyo.ac.jp/color/}},
  owner = {mtes},
  timestamp = {2011.11.14}
}

@MANUAL{r2013,
  title = {R: A Language and Environment for Statistical Computing},
  author = {{R Core Team}},
  organization = {R Foundation for Statistical Computing},
  address = {Vienna, Austria},
  year = {2013},
  note = {{ISBN} 3-900051-07-0},
  url = {http://www.R-project.org/}
}

@article{reingold81,
  author    = {Edward M. Reingold and
               John S. Tilford},
  title     = {Tidier Drawings of Trees},
  journal   = {IEEE Trans. Software Eng.},
  volume    = {7},
  number    = {2},
  year      = {1981},
  pages     = {223--228}
}

@ARTICLE{schulz2011,
  author = {Schulz, Hans-Jorg},
  title = {Treevis.net: A Tree Visualization Reference},
  journal = {IEEE Comput. Graph. Appl.},
  year = {2011},
  volume = {31},
  pages = {11--15},
  number = {6},
  issn = {0272-1716},
  issue_date = {November 2011},
  numpages = {5}
}

@ARTICLE{shneiderman1992,
  author = {Shneiderman, Ben},
  title = {Tree visualization with tree-maps: 2-d space-filling approach},
  journal = {ACM Trans. Graph.},
  year = {1992},
  volume = {11},
  pages = {92--99},
  publisher = {ACM}
}

@MANUAL{treemap,
  title = {treemap: Treemap visualization},
  author = {Martijn Tennekes},
  year = {2014},
  note = {R package version 2.2}
}



@MANUAL{tabplot,
  title = {tabplot: Tableplot, a visualization of large datasets},
  author = {Martijn Tennekes and Edwin de Jonge},
  year = {2012},
  note = {R package version 1.0},
  url = {http://CRAN.R-project.org/package=tabplot}
}



@INPROCEEDINGS{tennekes2011b,
  author = {M. Tennekes and E. de Jonge},
  title = {Top-down data analysis with treemaps.},
  booktitle = {Proceedings of the International Conference on Information Visualization
	Theory and Applications, IVAPP 2011},
  year = {2011},
  owner = {MTES},
  timestamp = {2013.05.14}
}

@INPROCEEDINGS{tennekes2011,
  author = {M. Tennekes and E. de Jonge and P.J.H. Daas},
  title = {Visual profiling of large statistical datasets.},
  booktitle = {Proceedings of the New Techniques and Technologies for Statistics
	conference, NTTS 2011},
  year = {2011},
  owner = {MTES},
  timestamp = {2013.05.14}
}

@ARTICLE{tennekes2013,
  author = {M. Tennekes and E. de Jonge and P. J. H. Daas},
  title = {Visualizing and Inspecting Large Datasets with Tableplots},
  journal = {Journal of Data Science},
  year = {2013},
  volume = {11},
  pages = {59-68},
  number = {1},
  owner = {MTES},
  timestamp = {2013.05.14}
}

@INBOOK{theus10,
  chapter = {2. Statistical Graphics},
  pages = {31--54},
  title = {Graphics of Large Datasets: Visualizing a Million},
  publisher = {Springer, New York},
  year = {2010},
  editor = {A. Unwin and M. Theus and H. Hoffman},
  author = {M. Theus},
  owner = {mtes},
  timestamp = {2011.11.14}
}

@inproceedings{wang06,
  author = {Wang, Yue and Teoh, Soon Tee and Ma, Kwan-Liu},
  booktitle = {EuroVis},
  editor = {Santos, Beatriz Sousa and Ertl, Thomas and Joy, Kenneth I.},
  pages = {67-74},
  publisher = {Eurographics Association},
  title = {Evaluating the Effectiveness of Tree Visualization Systems for Knowledge Discovery.},
  year = 2006
}



@ARTICLE{wood2008,
  author = {Wood, J. and Dykes, J.},
  title = {Spatially ordered treemaps},
  journal = {IEEE Transactions on Visualization and Computer Graphics},
  year = {2008},
  volume = {14},
  pages = {1348-1355},
  number = {6},
  owner = {MTES},
  timestamp = {2013.05.14}
}

@INPROCEEDINGS{yang2002,
  author = {Yang, Jing and Ward, Matthew O. and Rundensteiner, Elke A.},
  title = {Inter{R}ing: An Interactive Tool for Visually Navigating and Manipulating
	Hierarchical Structures},
  booktitle = {Proceedings of the IEEE Symposium on Information Visualization (InfoVis'02)},
  year = {2002},
  pages = {77--84},
  isbn = {0-7695-1751-X}
}

@ARTICLE{zeileis2009,
  author = {Zeileis, Achim and Hornik, Kurt and Murrell, Paul},
  title = {Escaping {RGB}land: Selecting colors for statistical graphics},
  journal = {Comput. Stat. Data Anal.},
  year = {2009},
  volume = {53},
  pages = {3259--3270},
  number = {9},
  issn = {0167-9473},
  issue_date = {July, 2009},
  numpages = {12}
}

